%YAML 1.1
%TAG !u! tag:unity3d.com,2011:
--- !u!1 &108406
GameObject:
  m_ObjectHideFlags: 1
  m_PrefabParentObject: {fileID: 0}
  m_PrefabInternal: {fileID: 100100000}
  serializedVersion: 4
  m_Component:
  - 224: {fileID: 22488492}
  - 222: {fileID: 22233290}
  - 114: {fileID: 11425334}
  m_Layer: 5
  m_Name: Shadow
  m_TagString: Untagged
  m_Icon: {fileID: 0}
  m_NavMeshLayer: 0
  m_StaticEditorFlags: 0
  m_IsActive: 0
--- !u!1 &112622
GameObject:
  m_ObjectHideFlags: 1
  m_PrefabParentObject: {fileID: 0}
  m_PrefabInternal: {fileID: 100100000}
  serializedVersion: 4
  m_Component:
  - 224: {fileID: 22433904}
  - 222: {fileID: 22205770}
  - 114: {fileID: 11418382}
  m_Layer: 5
  m_Name: ShadowLTR
  m_TagString: Untagged
  m_Icon: {fileID: 0}
  m_NavMeshLayer: 0
  m_StaticEditorFlags: 0
  m_IsActive: 0
--- !u!1 &120216
GameObject:
  m_ObjectHideFlags: 0
  m_PrefabParentObject: {fileID: 0}
  m_PrefabInternal: {fileID: 100100000}
  serializedVersion: 4
  m_Component:
  - 224: {fileID: 22485034}
  - 222: {fileID: 22289536}
  - 114: {fileID: 11498368}
  - 114: {fileID: 11444770}
  m_Layer: 5
  m_Name: Left
  m_TagString: Untagged
  m_Icon: {fileID: 0}
  m_NavMeshLayer: 0
  m_StaticEditorFlags: 0
  m_IsActive: 0
--- !u!1 &121608
GameObject:
  m_ObjectHideFlags: 0
  m_PrefabParentObject: {fileID: 0}
  m_PrefabInternal: {fileID: 100100000}
  serializedVersion: 4
  m_Component:
  - 224: {fileID: 22407488}
  - 222: {fileID: 22219260}
  - 114: {fileID: 11411488}
  - 114: {fileID: 11486412}
  m_Layer: 5
  m_Name: LeftHotSpot
  m_TagString: Untagged
  m_Icon: {fileID: 0}
  m_NavMeshLayer: 0
  m_StaticEditorFlags: 0
  m_IsActive: 1
--- !u!1 &121950
GameObject:
  m_ObjectHideFlags: 0
  m_PrefabParentObject: {fileID: 0}
  m_PrefabInternal: {fileID: 100100000}
  serializedVersion: 4
  m_Component:
  - 224: {fileID: 22447500}
  - 222: {fileID: 22234522}
  - 114: {fileID: 11466984}
  - 114: {fileID: 11493664}
  m_Layer: 5
  m_Name: RightHotSpot
  m_TagString: Untagged
  m_Icon: {fileID: 0}
  m_NavMeshLayer: 0
  m_StaticEditorFlags: 0
  m_IsActive: 1
--- !u!1 &128206
GameObject:
  m_ObjectHideFlags: 0
  m_PrefabParentObject: {fileID: 0}
  m_PrefabInternal: {fileID: 100100000}
  serializedVersion: 4
  m_Component:
  - 224: {fileID: 22447776}
  - 222: {fileID: 22275864}
  - 114: {fileID: 11430880}
  m_Layer: 5
  m_Name: LeftNext
  m_TagString: Untagged
  m_Icon: {fileID: 0}
  m_NavMeshLayer: 0
  m_StaticEditorFlags: 0
  m_IsActive: 1
--- !u!1 &146398
GameObject:
  m_ObjectHideFlags: 0
  m_PrefabParentObject: {fileID: 0}
  m_PrefabInternal: {fileID: 100100000}
  serializedVersion: 4
  m_Component:
  - 224: {fileID: 22436914}
  - 222: {fileID: 22293414}
  - 114: {fileID: 11480238}
  - 114: {fileID: 11448524}
  m_Layer: 5
  m_Name: TurnPageClip
  m_TagString: Untagged
  m_Icon: {fileID: 0}
  m_NavMeshLayer: 0
  m_StaticEditorFlags: 0
  m_IsActive: 1
--- !u!1 &154094
GameObject:
  m_ObjectHideFlags: 0
  m_PrefabParentObject: {fileID: 0}
  m_PrefabInternal: {fileID: 100100000}
  serializedVersion: 4
  m_Component:
  - 224: {fileID: 22425882}
  - 222: {fileID: 22229960}
  - 114: {fileID: 11403584}
  m_Layer: 5
  m_Name: RightNext
  m_TagString: Untagged
  m_Icon: {fileID: 0}
  m_NavMeshLayer: 0
  m_StaticEditorFlags: 0
  m_IsActive: 1
--- !u!1 &180032
GameObject:
  m_ObjectHideFlags: 0
  m_PrefabParentObject: {fileID: 0}
  m_PrefabInternal: {fileID: 100100000}
  serializedVersion: 4
  m_Component:
  - 224: {fileID: 22443772}
  - 222: {fileID: 22280180}
  - 114: {fileID: 11415212}
  m_Layer: 5
  m_Name: Brochure
  m_TagString: Untagged
  m_Icon: {fileID: 0}
  m_NavMeshLayer: 0
  m_StaticEditorFlags: 0
  m_IsActive: 0
--- !u!1 &183440
GameObject:
  m_ObjectHideFlags: 0
  m_PrefabParentObject: {fileID: 0}
  m_PrefabInternal: {fileID: 100100000}
  serializedVersion: 4
  m_Component:
  - 224: {fileID: 22406382}
  - 222: {fileID: 22294510}
  - 114: {fileID: 11441878}
  - 114: {fileID: 11491930}
  m_Layer: 5
  m_Name: Right
  m_TagString: Untagged
  m_Icon: {fileID: 0}
  m_NavMeshLayer: 0
  m_StaticEditorFlags: 0
  m_IsActive: 0
--- !u!1 &193380
GameObject:
  m_ObjectHideFlags: 0
  m_PrefabParentObject: {fileID: 0}
  m_PrefabInternal: {fileID: 100100000}
  serializedVersion: 4
  m_Component:
  - 224: {fileID: 22437570}
  - 222: {fileID: 22279408}
  - 114: {fileID: 11435694}
  - 114: {fileID: 11472662}
  m_Layer: 5
  m_Name: NextPageClip
  m_TagString: Untagged
  m_Icon: {fileID: 0}
  m_NavMeshLayer: 0
  m_StaticEditorFlags: 0
  m_IsActive: 1
--- !u!114 &11403584
MonoBehaviour:
  m_ObjectHideFlags: 1
  m_PrefabParentObject: {fileID: 0}
  m_PrefabInternal: {fileID: 100100000}
  m_GameObject: {fileID: 154094}
  m_Enabled: 1
  m_EditorHideFlags: 0
  m_Script: {fileID: -765806418, guid: f5f67c52d1564df4a8936ccd202a3bd8, type: 3}
  m_Name: 
  m_EditorClassIdentifier: 
  m_Material: {fileID: 0}
  m_Color: {r: 1, g: 1, b: 1, a: 1}
  m_RaycastTarget: 0
  m_OnCullStateChanged:
    m_PersistentCalls:
      m_Calls: []
    m_TypeName: UnityEngine.UI.MaskableGraphic+CullStateChangedEvent, UnityEngine.UI,
      Version=1.0.0.0, Culture=neutral, PublicKeyToken=null
  m_Sprite: {fileID: 21300000, guid: d90223d455601b14f9c8464555eb7ea1, type: 3}
  m_Type: 0
  m_PreserveAspect: 0
  m_FillCenter: 1
  m_FillMethod: 4
  m_FillAmount: 1
  m_FillClockwise: 1
  m_FillOrigin: 0
--- !u!114 &11411488
MonoBehaviour:
  m_ObjectHideFlags: 1
  m_PrefabParentObject: {fileID: 0}
  m_PrefabInternal: {fileID: 100100000}
  m_GameObject: {fileID: 121608}
  m_Enabled: 1
  m_EditorHideFlags: 0
  m_Script: {fileID: -765806418, guid: f5f67c52d1564df4a8936ccd202a3bd8, type: 3}
  m_Name: 
  m_EditorClassIdentifier: 
  m_Material: {fileID: 0}
  m_Color: {r: 1, g: 1, b: 1, a: 0}
  m_RaycastTarget: 1
  m_OnCullStateChanged:
    m_PersistentCalls:
      m_Calls: []
    m_TypeName: UnityEngine.UI.MaskableGraphic+CullStateChangedEvent, UnityEngine.UI,
      Version=1.0.0.0, Culture=neutral, PublicKeyToken=null
  m_Sprite: {fileID: 0}
  m_Type: 0
  m_PreserveAspect: 0
  m_FillCenter: 1
  m_FillMethod: 4
  m_FillAmount: 1
  m_FillClockwise: 1
  m_FillOrigin: 0
--- !u!114 &11415212
MonoBehaviour:
  m_ObjectHideFlags: 1
  m_PrefabParentObject: {fileID: 0}
  m_PrefabInternal: {fileID: 100100000}
  m_GameObject: {fileID: 180032}
  m_Enabled: 1
  m_EditorHideFlags: 0
  m_Script: {fileID: 11500000, guid: 4446b7192d8bf914ebaf797b64fe8b86, type: 3}
  m_Name: 
  m_EditorClassIdentifier: 
  canvas: {fileID: 0}
  BookPanel: {fileID: 22443772}
  background: {fileID: 21300000, guid: b594eb08e27e57c4ebd1ac949d02fef9, type: 3}
  bookPages:
  - {fileID: 21300000, guid: d90223d455601b14f9c8464555eb7ea1, type: 3}
  - {fileID: 21300000, guid: 4c2d74ec382541d42a4fbd18841dfbc9, type: 3}
  - {fileID: 21300000, guid: 0046d4ab292436f4e83a0f56935ac388, type: 3}
  - {fileID: 21300000, guid: a4bbb23cf51ab9e488724b953d037e26, type: 3}
  - {fileID: 21300000, guid: a7ec14a3095e4a04ba7b787aac5e4d24, type: 3}
  - {fileID: 21300000, guid: a6b09ddfb9a505348bf2bdcc8876990f, type: 3}
  - {fileID: 21300000, guid: 7f689b34cdf70c14e9226ae96b6188b3, type: 3}
  - {fileID: 21300000, guid: ee3776ac1fbf95e46a30191a8ab5ad55, type: 3}
  - {fileID: 21300000, guid: 8aa84db9db4ea5f4c990f23f3f320daa, type: 3}
  - {fileID: 21300000, guid: d9b9fa57b071527409459ee932f8940c, type: 3}
  - {fileID: 21300000, guid: 21bb63016dbda194789bb503ee24799f, type: 3}
  - {fileID: 21300000, guid: 8ab4a2d465d037244bea40b029fc6cee, type: 3}
  - {fileID: 21300000, guid: 0605f5220dd04534683fcf26acc4588f, type: 3}
  - {fileID: 21300000, guid: 8443347c3a93a6241b6f070f23069f5f, type: 3}
  - {fileID: 21300000, guid: 0e42d94cdd8f02e4286b75ab6d9fbe4e, type: 3}
  - {fileID: 21300000, guid: 6eb5c8f2187e7f542a7ef7a705bb82b6, type: 3}
  - {fileID: 21300000, guid: bf2ddb3ec8e887c4c8356fb7222492b0, type: 3}
  - {fileID: 21300000, guid: 651751d966606c34d89585c0f68c8eab, type: 3}
  - {fileID: 21300000, guid: 16d5519874b8434499e05d9726a90faf, type: 3}
  - {fileID: 21300000, guid: c51aeabe5d767324aa28a4c3e7829366, type: 3}
  - {fileID: 21300000, guid: c36034ea17204404bbbb16bae498c358, type: 3}
  - {fileID: 21300000, guid: 8afc0abb0fba9b5459f7874d560c1777, type: 3}
  - {fileID: 21300000, guid: c02289f08e8e92d4c872181822a6feb2, type: 3}
  - {fileID: 21300000, guid: e658b9603551acd4e874aead275974f7, type: 3}
  - {fileID: 21300000, guid: 9cfe3c30d20075144ab4a0a4f8fd739f, type: 3}
  - {fileID: 21300000, guid: a30ff1504c3c4ed4eb58a114df146f9b, type: 3}
  - {fileID: 21300000, guid: 8d3530b15cef7a04db06c00644c41868, type: 3}
  - {fileID: 21300000, guid: 50bd9624df0a46b46b837d7e509d7c99, type: 3}
  - {fileID: 21300000, guid: 96562e4db3779e149a2c5c99a8b1ccb0, type: 3}
  - {fileID: 21300000, guid: 1733659b2e5d7c042a66ae5f88c9c178, type: 3}
  - {fileID: 21300000, guid: 15516eb1b7310ec46b1fa306b216f3e7, type: 3}
  - {fileID: 21300000, guid: 10ecb93e88e881843aa324bfd70d293c, type: 3}
  - {fileID: 21300000, guid: 10ecb93e88e881843aa324bfd70d293c, type: 3}
  - {fileID: 21300000, guid: 1237b01cd76e14a4eb6b7b2e7751b25e, type: 3}
  - {fileID: 21300000, guid: 4fff4696f3ee21648a4c7a8ae7001522, type: 3}
  - {fileID: 21300000, guid: 212bca2fedd0f5e4096de4c40d3034ae, type: 3}
  - {fileID: 21300000, guid: dc07fc50e00317e4897fd2548a51bc44, type: 3}
  - {fileID: 21300000, guid: 88fec182354f7d041a4c36a3ccf2da7c, type: 3}
  - {fileID: 21300000, guid: 39132dab5382a52459d6cb08bff1cbf4, type: 3}
  - {fileID: 21300000, guid: 5bb77ac783fbfee4e9a21f220adf9eb6, type: 3}
  - {fileID: 21300000, guid: 7d35d1304a1e7ac4ebf04624b957a17e, type: 3}
  - {fileID: 21300000, guid: 937f97c1d6755aa468376362ada1bf69, type: 3}
  - {fileID: 21300000, guid: 4fbbae0468883a94d97be48ef95e0f53, type: 3}
  - {fileID: 21300000, guid: 37c23658c940e3847ac37690d9d24277, type: 3}
  - {fileID: 21300000, guid: 8d5b6fcd88fc1b14382c3f5c69bfbecc, type: 3}
  - {fileID: 21300000, guid: e4e8744c34cab16409931dd189f2889c, type: 3}
  - {fileID: 21300000, guid: f63d05328dccbfe4f8a7a8905699acd7, type: 3}
  - {fileID: 21300000, guid: 7609d6c40b577f64096213c2f5024327, type: 3}
  - {fileID: 21300000, guid: bd3606d1279ff524fba1bef4e905844d, type: 3}
  - {fileID: 21300000, guid: dd606722ecb806948bf76a49da798567, type: 3}
  - {fileID: 21300000, guid: 0eb289a4b8752944d9ccb44181dad412, type: 3}
  - {fileID: 21300000, guid: 19a4a4624fe39df4cabe71d4a8dbf983, type: 3}
  interactable: 1
  enableShadowEffect: 1
  currentPage: 0
  ClippingPlane: {fileID: 11480238}
  NextPageClip: {fileID: 11435694}
  Shadow: {fileID: 11425334}
  ShadowLTR: {fileID: 11418382}
  Left: {fileID: 11498368}
  LeftNext: {fileID: 11430880}
  Right: {fileID: 11441878}
  RightNext: {fileID: 11403584}
  OnFlip:
    m_PersistentCalls:
      m_Calls: []
    m_TypeName: UnityEngine.Events.UnityEvent, UnityEngine, Version=0.0.0.0, Culture=neutral,
      PublicKeyToken=null
--- !u!114 &11418382
MonoBehaviour:
  m_ObjectHideFlags: 1
  m_PrefabParentObject: {fileID: 0}
  m_PrefabInternal: {fileID: 100100000}
  m_GameObject: {fileID: 112622}
  m_Enabled: 1
  m_EditorHideFlags: 0
  m_Script: {fileID: -765806418, guid: f5f67c52d1564df4a8936ccd202a3bd8, type: 3}
  m_Name: 
  m_EditorClassIdentifier: 
  m_Material: {fileID: 0}
  m_Color: {r: 0, g: 0, b: 0, a: 0.42745098}
  m_RaycastTarget: 0
  m_OnCullStateChanged:
    m_PersistentCalls:
      m_Calls: []
    m_TypeName: UnityEngine.UI.MaskableGraphic+CullStateChangedEvent, UnityEngine.UI,
      Version=1.0.0.0, Culture=neutral, PublicKeyToken=null
  m_Sprite: {fileID: 21300000, guid: 1ddd2406e37c66e4aa67410433cd3f8b, type: 3}
  m_Type: 0
  m_PreserveAspect: 0
  m_FillCenter: 1
  m_FillMethod: 4
  m_FillAmount: 1
  m_FillClockwise: 1
  m_FillOrigin: 0
--- !u!114 &11425334
MonoBehaviour:
  m_ObjectHideFlags: 1
  m_PrefabParentObject: {fileID: 0}
  m_PrefabInternal: {fileID: 100100000}
  m_GameObject: {fileID: 108406}
  m_Enabled: 1
  m_EditorHideFlags: 0
  m_Script: {fileID: -765806418, guid: f5f67c52d1564df4a8936ccd202a3bd8, type: 3}
  m_Name: 
  m_EditorClassIdentifier: 
  m_Material: {fileID: 0}
  m_Color: {r: 0, g: 0, b: 0, a: 0.42745098}
  m_RaycastTarget: 0
  m_OnCullStateChanged:
    m_PersistentCalls:
      m_Calls: []
    m_TypeName: UnityEngine.UI.MaskableGraphic+CullStateChangedEvent, UnityEngine.UI,
      Version=1.0.0.0, Culture=neutral, PublicKeyToken=null
  m_Sprite: {fileID: 21300000, guid: d48ea1842ab4b3c409d04d8f603d06bf, type: 3}
  m_Type: 0
  m_PreserveAspect: 0
  m_FillCenter: 1
  m_FillMethod: 4
  m_FillAmount: 1
  m_FillClockwise: 1
  m_FillOrigin: 0
--- !u!114 &11430880
MonoBehaviour:
  m_ObjectHideFlags: 1
  m_PrefabParentObject: {fileID: 0}
  m_PrefabInternal: {fileID: 100100000}
  m_GameObject: {fileID: 128206}
  m_Enabled: 1
  m_EditorHideFlags: 0
  m_Script: {fileID: -765806418, guid: f5f67c52d1564df4a8936ccd202a3bd8, type: 3}
  m_Name: 
  m_EditorClassIdentifier: 
  m_Material: {fileID: 0}
  m_Color: {r: 1, g: 1, b: 1, a: 1}
  m_RaycastTarget: 0
  m_OnCullStateChanged:
    m_PersistentCalls:
      m_Calls: []
    m_TypeName: UnityEngine.UI.MaskableGraphic+CullStateChangedEvent, UnityEngine.UI,
      Version=1.0.0.0, Culture=neutral, PublicKeyToken=null
  m_Sprite: {fileID: 21300000, guid: b594eb08e27e57c4ebd1ac949d02fef9, type: 3}
  m_Type: 0
  m_PreserveAspect: 0
  m_FillCenter: 1
  m_FillMethod: 4
  m_FillAmount: 1
  m_FillClockwise: 1
  m_FillOrigin: 0
--- !u!114 &11435694
MonoBehaviour:
  m_ObjectHideFlags: 1
  m_PrefabParentObject: {fileID: 0}
  m_PrefabInternal: {fileID: 100100000}
  m_GameObject: {fileID: 193380}
  m_Enabled: 1
  m_EditorHideFlags: 0
  m_Script: {fileID: -765806418, guid: f5f67c52d1564df4a8936ccd202a3bd8, type: 3}
  m_Name: 
  m_EditorClassIdentifier: 
  m_Material: {fileID: 0}
  m_Color: {r: 0.111206904, g: 0, b: 0.9485294, a: 0.42745098}
  m_RaycastTarget: 0
  m_OnCullStateChanged:
    m_PersistentCalls:
      m_Calls: []
    m_TypeName: UnityEngine.UI.MaskableGraphic+CullStateChangedEvent, UnityEngine.UI,
      Version=1.0.0.0, Culture=neutral, PublicKeyToken=null
  m_Sprite: {fileID: 0}
  m_Type: 0
  m_PreserveAspect: 0
  m_FillCenter: 1
  m_FillMethod: 4
  m_FillAmount: 1
  m_FillClockwise: 1
  m_FillOrigin: 0
--- !u!114 &11441878
MonoBehaviour:
  m_ObjectHideFlags: 1
  m_PrefabParentObject: {fileID: 0}
  m_PrefabInternal: {fileID: 100100000}
  m_GameObject: {fileID: 183440}
  m_Enabled: 1
  m_EditorHideFlags: 0
  m_Script: {fileID: -765806418, guid: f5f67c52d1564df4a8936ccd202a3bd8, type: 3}
  m_Name: 
  m_EditorClassIdentifier: 
  m_Material: {fileID: 0}
  m_Color: {r: 1, g: 1, b: 1, a: 1}
  m_RaycastTarget: 0
  m_OnCullStateChanged:
    m_PersistentCalls:
      m_Calls: []
    m_TypeName: UnityEngine.UI.MaskableGraphic+CullStateChangedEvent, UnityEngine.UI,
      Version=1.0.0.0, Culture=neutral, PublicKeyToken=null
  m_Sprite: {fileID: 0}
  m_Type: 0
  m_PreserveAspect: 0
  m_FillCenter: 1
  m_FillMethod: 4
  m_FillAmount: 1
  m_FillClockwise: 1
  m_FillOrigin: 0
--- !u!114 &11444770
MonoBehaviour:
  m_ObjectHideFlags: 1
  m_PrefabParentObject: {fileID: 0}
  m_PrefabInternal: {fileID: 100100000}
  m_GameObject: {fileID: 120216}
  m_Enabled: 1
  m_EditorHideFlags: 0
  m_Script: {fileID: -1200242548, guid: f5f67c52d1564df4a8936ccd202a3bd8, type: 3}
  m_Name: 
  m_EditorClassIdentifier: 
  m_ShowMaskGraphic: 1
--- !u!114 &11448524
MonoBehaviour:
  m_ObjectHideFlags: 1
  m_PrefabParentObject: {fileID: 0}
  m_PrefabInternal: {fileID: 100100000}
  m_GameObject: {fileID: 146398}
  m_Enabled: 1
  m_EditorHideFlags: 0
  m_Script: {fileID: -1200242548, guid: f5f67c52d1564df4a8936ccd202a3bd8, type: 3}
  m_Name: 
  m_EditorClassIdentifier: 
  m_ShowMaskGraphic: 0
--- !u!114 &11466984
MonoBehaviour:
  m_ObjectHideFlags: 1
  m_PrefabParentObject: {fileID: 0}
  m_PrefabInternal: {fileID: 100100000}
  m_GameObject: {fileID: 121950}
  m_Enabled: 1
  m_EditorHideFlags: 0
  m_Script: {fileID: -765806418, guid: f5f67c52d1564df4a8936ccd202a3bd8, type: 3}
  m_Name: 
  m_EditorClassIdentifier: 
  m_Material: {fileID: 0}
  m_Color: {r: 1, g: 1, b: 1, a: 0}
  m_RaycastTarget: 1
  m_OnCullStateChanged:
    m_PersistentCalls:
      m_Calls: []
    m_TypeName: UnityEngine.UI.MaskableGraphic+CullStateChangedEvent, UnityEngine.UI,
      Version=1.0.0.0, Culture=neutral, PublicKeyToken=null
  m_Sprite: {fileID: 0}
  m_Type: 0
  m_PreserveAspect: 0
  m_FillCenter: 1
  m_FillMethod: 4
  m_FillAmount: 1
  m_FillClockwise: 1
  m_FillOrigin: 0
--- !u!114 &11472662
MonoBehaviour:
  m_ObjectHideFlags: 1
  m_PrefabParentObject: {fileID: 0}
  m_PrefabInternal: {fileID: 100100000}
  m_GameObject: {fileID: 193380}
  m_Enabled: 1
  m_EditorHideFlags: 0
  m_Script: {fileID: -1200242548, guid: f5f67c52d1564df4a8936ccd202a3bd8, type: 3}
  m_Name: 
  m_EditorClassIdentifier: 
  m_ShowMaskGraphic: 0
--- !u!114 &11480238
MonoBehaviour:
  m_ObjectHideFlags: 1
  m_PrefabParentObject: {fileID: 0}
  m_PrefabInternal: {fileID: 100100000}
  m_GameObject: {fileID: 146398}
  m_Enabled: 1
  m_EditorHideFlags: 0
  m_Script: {fileID: -765806418, guid: f5f67c52d1564df4a8936ccd202a3bd8, type: 3}
  m_Name: 
  m_EditorClassIdentifier: 
  m_Material: {fileID: 0}
  m_Color: {r: 0.111206904, g: 0, b: 0.9485294, a: 0.42745098}
  m_RaycastTarget: 0
  m_OnCullStateChanged:
    m_PersistentCalls:
      m_Calls: []
    m_TypeName: UnityEngine.UI.MaskableGraphic+CullStateChangedEvent, UnityEngine.UI,
      Version=1.0.0.0, Culture=neutral, PublicKeyToken=null
  m_Sprite: {fileID: 0}
  m_Type: 0
  m_PreserveAspect: 0
  m_FillCenter: 1
  m_FillMethod: 4
  m_FillAmount: 1
  m_FillClockwise: 1
  m_FillOrigin: 0
--- !u!114 &11486412
MonoBehaviour:
  m_ObjectHideFlags: 1
  m_PrefabParentObject: {fileID: 0}
  m_PrefabInternal: {fileID: 100100000}
  m_GameObject: {fileID: 121608}
  m_Enabled: 1
  m_EditorHideFlags: 0
  m_Script: {fileID: -1862395651, guid: f5f67c52d1564df4a8936ccd202a3bd8, type: 3}
  m_Name: 
  m_EditorClassIdentifier: 
  m_Delegates:
  - eventID: 14
    callback:
      m_PersistentCalls:
        m_Calls:
        - m_Target: {fileID: 11415212}
          m_MethodName: OnMouseRelease
          m_Mode: 1
          m_Arguments:
            m_ObjectArgument: {fileID: 0}
            m_ObjectArgumentAssemblyTypeName: UnityEngine.Object, UnityEngine
            m_IntArgument: 0
            m_FloatArgument: 0
            m_StringArgument: 
            m_BoolArgument: 0
          m_CallState: 2
      m_TypeName: UnityEngine.EventSystems.EventTrigger+TriggerEvent, UnityEngine.UI,
        Version=1.0.0.0, Culture=neutral, PublicKeyToken=null
  - eventID: 13
    callback:
      m_PersistentCalls:
        m_Calls:
        - m_Target: {fileID: 11415212}
          m_MethodName: OnMouseDragLeftPage
          m_Mode: 1
          m_Arguments:
            m_ObjectArgument: {fileID: 0}
            m_ObjectArgumentAssemblyTypeName: UnityEngine.Object, UnityEngine
            m_IntArgument: 0
            m_FloatArgument: 0
            m_StringArgument: 
            m_BoolArgument: 0
          m_CallState: 2
      m_TypeName: UnityEngine.EventSystems.EventTrigger+TriggerEvent, UnityEngine.UI,
        Version=1.0.0.0, Culture=neutral, PublicKeyToken=null
  delegates:
  - eventID: 14
    callback:
      m_PersistentCalls:
        m_Calls:
        - m_Target: {fileID: 0}
          m_MethodName: ReleasePage
          m_Mode: 1
          m_Arguments:
            m_ObjectArgument: {fileID: 0}
            m_ObjectArgumentAssemblyTypeName: UnityEngine.Object, UnityEngine
            m_IntArgument: 0
            m_FloatArgument: 0
            m_StringArgument: 
            m_BoolArgument: 0
          m_CallState: 2
      m_TypeName: UnityEngine.EventSystems.EventTrigger+TriggerEvent, UnityEngine.UI,
        Version=1.0.0.0, Culture=neutral, PublicKeyToken=null
  - eventID: 13
    callback:
      m_PersistentCalls:
        m_Calls:
        - m_Target: {fileID: 0}
          m_MethodName: DragPage
          m_Mode: 1
          m_Arguments:
            m_ObjectArgument: {fileID: 0}
            m_ObjectArgumentAssemblyTypeName: UnityEngine.Object, UnityEngine
            m_IntArgument: 0
            m_FloatArgument: 0
            m_StringArgument: 
            m_BoolArgument: 0
          m_CallState: 2
      m_TypeName: UnityEngine.EventSystems.EventTrigger+TriggerEvent, UnityEngine.UI,
        Version=1.0.0.0, Culture=neutral, PublicKeyToken=null
--- !u!114 &11491930
MonoBehaviour:
  m_ObjectHideFlags: 1
  m_PrefabParentObject: {fileID: 0}
  m_PrefabInternal: {fileID: 100100000}
  m_GameObject: {fileID: 183440}
  m_Enabled: 1
  m_EditorHideFlags: 0
  m_Script: {fileID: -1200242548, guid: f5f67c52d1564df4a8936ccd202a3bd8, type: 3}
  m_Name: 
  m_EditorClassIdentifier: 
  m_ShowMaskGraphic: 1
--- !u!114 &11493664
MonoBehaviour:
  m_ObjectHideFlags: 1
  m_PrefabParentObject: {fileID: 0}
  m_PrefabInternal: {fileID: 100100000}
  m_GameObject: {fileID: 121950}
  m_Enabled: 1
  m_EditorHideFlags: 0
  m_Script: {fileID: -1862395651, guid: f5f67c52d1564df4a8936ccd202a3bd8, type: 3}
  m_Name: 
  m_EditorClassIdentifier: 
  m_Delegates:
  - eventID: 14
    callback:
      m_PersistentCalls:
        m_Calls:
        - m_Target: {fileID: 11415212}
          m_MethodName: OnMouseRelease
          m_Mode: 1
          m_Arguments:
            m_ObjectArgument: {fileID: 0}
            m_ObjectArgumentAssemblyTypeName: UnityEngine.Object, UnityEngine
            m_IntArgument: 0
            m_FloatArgument: 0
            m_StringArgument: 
            m_BoolArgument: 0
          m_CallState: 2
      m_TypeName: UnityEngine.EventSystems.EventTrigger+TriggerEvent, UnityEngine.UI,
        Version=1.0.0.0, Culture=neutral, PublicKeyToken=null
  - eventID: 13
    callback:
      m_PersistentCalls:
        m_Calls:
        - m_Target: {fileID: 11415212}
          m_MethodName: OnMouseDragRightPage
          m_Mode: 1
          m_Arguments:
            m_ObjectArgument: {fileID: 0}
            m_ObjectArgumentAssemblyTypeName: UnityEngine.Object, UnityEngine
            m_IntArgument: 0
            m_FloatArgument: 0
            m_StringArgument: 
            m_BoolArgument: 0
          m_CallState: 2
      m_TypeName: UnityEngine.EventSystems.EventTrigger+TriggerEvent, UnityEngine.UI,
        Version=1.0.0.0, Culture=neutral, PublicKeyToken=null
  delegates:
  - eventID: 14
    callback:
      m_PersistentCalls:
        m_Calls:
        - m_Target: {fileID: 0}
          m_MethodName: ReleasePage
          m_Mode: 1
          m_Arguments:
            m_ObjectArgument: {fileID: 0}
            m_ObjectArgumentAssemblyTypeName: UnityEngine.Object, UnityEngine
            m_IntArgument: 0
            m_FloatArgument: 0
            m_StringArgument: 
            m_BoolArgument: 0
          m_CallState: 2
      m_TypeName: UnityEngine.EventSystems.EventTrigger+TriggerEvent, UnityEngine.UI,
        Version=1.0.0.0, Culture=neutral, PublicKeyToken=null
  - eventID: 13
    callback:
      m_PersistentCalls:
        m_Calls:
        - m_Target: {fileID: 0}
          m_MethodName: DragPage
          m_Mode: 1
          m_Arguments:
            m_ObjectArgument: {fileID: 0}
            m_ObjectArgumentAssemblyTypeName: UnityEngine.Object, UnityEngine
            m_IntArgument: 0
            m_FloatArgument: 0
            m_StringArgument: 
            m_BoolArgument: 0
          m_CallState: 2
      m_TypeName: UnityEngine.EventSystems.EventTrigger+TriggerEvent, UnityEngine.UI,
        Version=1.0.0.0, Culture=neutral, PublicKeyToken=null
--- !u!114 &11498368
MonoBehaviour:
  m_ObjectHideFlags: 1
  m_PrefabParentObject: {fileID: 0}
  m_PrefabInternal: {fileID: 100100000}
  m_GameObject: {fileID: 120216}
  m_Enabled: 1
  m_EditorHideFlags: 0
  m_Script: {fileID: -765806418, guid: f5f67c52d1564df4a8936ccd202a3bd8, type: 3}
  m_Name: 
  m_EditorClassIdentifier: 
  m_Material: {fileID: 0}
  m_Color: {r: 1, g: 1, b: 1, a: 1}
  m_RaycastTarget: 0
  m_OnCullStateChanged:
    m_PersistentCalls:
      m_Calls: []
    m_TypeName: UnityEngine.UI.MaskableGraphic+CullStateChangedEvent, UnityEngine.UI,
      Version=1.0.0.0, Culture=neutral, PublicKeyToken=null
  m_Sprite: {fileID: 0}
  m_Type: 0
  m_PreserveAspect: 0
  m_FillCenter: 1
  m_FillMethod: 4
  m_FillAmount: 1
  m_FillClockwise: 1
  m_FillOrigin: 0
--- !u!222 &22205770
CanvasRenderer:
  m_ObjectHideFlags: 1
  m_PrefabParentObject: {fileID: 0}
  m_PrefabInternal: {fileID: 100100000}
  m_GameObject: {fileID: 112622}
--- !u!222 &22219260
CanvasRenderer:
  m_ObjectHideFlags: 1
  m_PrefabParentObject: {fileID: 0}
  m_PrefabInternal: {fileID: 100100000}
  m_GameObject: {fileID: 121608}
--- !u!222 &22229960
CanvasRenderer:
  m_ObjectHideFlags: 1
  m_PrefabParentObject: {fileID: 0}
  m_PrefabInternal: {fileID: 100100000}
  m_GameObject: {fileID: 154094}
--- !u!222 &22233290
CanvasRenderer:
  m_ObjectHideFlags: 1
  m_PrefabParentObject: {fileID: 0}
  m_PrefabInternal: {fileID: 100100000}
  m_GameObject: {fileID: 108406}
--- !u!222 &22234522
CanvasRenderer:
  m_ObjectHideFlags: 1
  m_PrefabParentObject: {fileID: 0}
  m_PrefabInternal: {fileID: 100100000}
  m_GameObject: {fileID: 121950}
--- !u!222 &22275864
CanvasRenderer:
  m_ObjectHideFlags: 1
  m_PrefabParentObject: {fileID: 0}
  m_PrefabInternal: {fileID: 100100000}
  m_GameObject: {fileID: 128206}
--- !u!222 &22279408
CanvasRenderer:
  m_ObjectHideFlags: 1
  m_PrefabParentObject: {fileID: 0}
  m_PrefabInternal: {fileID: 100100000}
  m_GameObject: {fileID: 193380}
--- !u!222 &22280180
CanvasRenderer:
  m_ObjectHideFlags: 1
  m_PrefabParentObject: {fileID: 0}
  m_PrefabInternal: {fileID: 100100000}
  m_GameObject: {fileID: 180032}
--- !u!222 &22289536
CanvasRenderer:
  m_ObjectHideFlags: 1
  m_PrefabParentObject: {fileID: 0}
  m_PrefabInternal: {fileID: 100100000}
  m_GameObject: {fileID: 120216}
--- !u!222 &22293414
CanvasRenderer:
  m_ObjectHideFlags: 1
  m_PrefabParentObject: {fileID: 0}
  m_PrefabInternal: {fileID: 100100000}
  m_GameObject: {fileID: 146398}
--- !u!222 &22294510
CanvasRenderer:
  m_ObjectHideFlags: 1
  m_PrefabParentObject: {fileID: 0}
  m_PrefabInternal: {fileID: 100100000}
  m_GameObject: {fileID: 183440}
--- !u!224 &22406382
RectTransform:
  m_ObjectHideFlags: 1
  m_PrefabParentObject: {fileID: 0}
  m_PrefabInternal: {fileID: 100100000}
  m_GameObject: {fileID: 183440}
  m_LocalRotation: {x: 0, y: 0, z: 0, w: 1}
  m_LocalPosition: {x: 0, y: 0, z: 0}
  m_LocalScale: {x: 1, y: 1, z: 1}
  m_LocalEulerAnglesHint: {x: 0, y: 0, z: 0}
  m_Children:
  - {fileID: 22488492}
  m_Father: {fileID: 22443772}
  m_RootOrder: 1
  m_AnchorMin: {x: 0.5, y: 0}
  m_AnchorMax: {x: 1, y: 1}
  m_AnchoredPosition: {x: 0, y: 0.000000059604645}
  m_SizeDelta: {x: 0, y: -0.00000017881393}
  m_Pivot: {x: 0.00000008009374, y: -0.00000007264316}
--- !u!224 &22407488
RectTransform:
  m_ObjectHideFlags: 1
  m_PrefabParentObject: {fileID: 0}
  m_PrefabInternal: {fileID: 100100000}
  m_GameObject: {fileID: 121608}
  m_LocalRotation: {x: 0, y: 0, z: 0, w: 1}
  m_LocalPosition: {x: 0, y: 0, z: 0}
  m_LocalScale: {x: 1, y: 1, z: 1}
  m_LocalEulerAnglesHint: {x: 0, y: 0, z: 0}
  m_Children: []
  m_Father: {fileID: 22443772}
  m_RootOrder: 6
  m_AnchorMin: {x: 0, y: 0}
  m_AnchorMax: {x: 0.3827385, y: 0.3837166}
  m_AnchoredPosition: {x: 0, y: 0}
  m_SizeDelta: {x: 0, y: 0}
  m_Pivot: {x: 0, y: 0}
--- !u!224 &22425882
RectTransform:
  m_ObjectHideFlags: 1
  m_PrefabParentObject: {fileID: 0}
  m_PrefabInternal: {fileID: 100100000}
  m_GameObject: {fileID: 154094}
  m_LocalRotation: {x: 0, y: 0, z: 0, w: 1}
  m_LocalPosition: {x: 0, y: 0, z: 0}
  m_LocalScale: {x: 1, y: 1, z: 1}
  m_LocalEulerAnglesHint: {x: 0, y: 0, z: 0}
  m_Children: []
  m_Father: {fileID: 22443772}
  m_RootOrder: 0
  m_AnchorMin: {x: 0.5, y: 0}
  m_AnchorMax: {x: 1, y: 1}
  m_AnchoredPosition: {x: 0, y: 0.000022888184}
  m_SizeDelta: {x: -0.00000011920929, y: 0}
  m_Pivot: {x: 0.00000008009374, y: -0.00000007264316}
--- !u!224 &22433904
RectTransform:
  m_ObjectHideFlags: 1
  m_PrefabParentObject: {fileID: 0}
  m_PrefabInternal: {fileID: 100100000}
  m_GameObject: {fileID: 112622}
  m_LocalRotation: {x: 0, y: 0, z: 0, w: 1}
  m_LocalPosition: {x: 0, y: 0, z: 0}
  m_LocalScale: {x: 1, y: 1, z: 1}
  m_LocalEulerAnglesHint: {x: 0, y: 0, z: 0}
  m_Children: []
  m_Father: {fileID: 22485034}
  m_RootOrder: 0
  m_AnchorMin: {x: 0.5, y: 0.5}
  m_AnchorMax: {x: 0.5, y: 0.5}
  m_AnchoredPosition: {x: -70.597, y: -101.55}
  m_SizeDelta: {x: 133, y: 279.79}
  m_Pivot: {x: 0, y: 0.1}
--- !u!224 &22436914
RectTransform:
  m_ObjectHideFlags: 1
  m_PrefabParentObject: {fileID: 0}
  m_PrefabInternal: {fileID: 100100000}
  m_GameObject: {fileID: 146398}
  m_LocalRotation: {x: 0, y: 0, z: 0, w: 1}
  m_LocalPosition: {x: 0, y: 0, z: 0}
  m_LocalScale: {x: 1, y: 1, z: 1}
  m_LocalEulerAnglesHint: {x: 0, y: 0, z: 0}
  m_Children: []
  m_Father: {fileID: 22443772}
  m_RootOrder: 3
  m_AnchorMin: {x: 0.5, y: 0.5}
  m_AnchorMax: {x: 0.5, y: 0.5}
  m_AnchoredPosition: {x: 238.49512, y: -105.37775}
  m_SizeDelta: {x: 133, y: 279.79}
  m_Pivot: {x: 1, y: 0.12}
--- !u!224 &22437570
RectTransform:
  m_ObjectHideFlags: 1
  m_PrefabParentObject: {fileID: 0}
  m_PrefabInternal: {fileID: 100100000}
  m_GameObject: {fileID: 193380}
  m_LocalRotation: {x: 0, y: 0, z: 0, w: 1}
  m_LocalPosition: {x: 0, y: 0, z: 0}
  m_LocalScale: {x: 1, y: 1, z: 1}
  m_LocalEulerAnglesHint: {x: 0, y: 0, z: 0}
  m_Children: []
  m_Father: {fileID: 22443772}
  m_RootOrder: 5
  m_AnchorMin: {x: 0.5, y: 0.5}
  m_AnchorMax: {x: 0.5, y: 0.5}
  m_AnchoredPosition: {x: 238.49512, y: -106.38922}
  m_SizeDelta: {x: 133, y: 279.79}
  m_Pivot: {x: 0.000000020489097, y: 0.12}
--- !u!224 &22443772
RectTransform:
  m_ObjectHideFlags: 1
  m_PrefabParentObject: {fileID: 0}
  m_PrefabInternal: {fileID: 100100000}
  m_GameObject: {fileID: 180032}
  m_LocalRotation: {x: 0, y: 0, z: 0, w: 1}
  m_LocalPosition: {x: 0, y: 0, z: 2}
  m_LocalScale: {x: 3.838175, y: 3.838175, z: 3.838175}
  m_LocalEulerAnglesHint: {x: 0, y: 0, z: 0}
  m_Children:
  - {fileID: 22425882}
  - {fileID: 22406382}
  - {fileID: 22485034}
  - {fileID: 22436914}
  - {fileID: 22447500}
  - {fileID: 22437570}
  - {fileID: 22407488}
  - {fileID: 22447776}
  m_Father: {fileID: 0}
  m_RootOrder: 0
  m_AnchorMin: {x: 0.5, y: 0.5}
  m_AnchorMax: {x: 0.5, y: 0.5}
  m_AnchoredPosition: {x: 0.0005970001, y: 0.003250122}
  m_SizeDelta: {x: 267, y: 199.99}
  m_Pivot: {x: 0.5, y: 0.5}
--- !u!224 &22447500
RectTransform:
  m_ObjectHideFlags: 1
  m_PrefabParentObject: {fileID: 0}
  m_PrefabInternal: {fileID: 100100000}
  m_GameObject: {fileID: 121950}
  m_LocalRotation: {x: 0, y: 0, z: 0, w: 1}
  m_LocalPosition: {x: 0, y: 0, z: 0}
  m_LocalScale: {x: 1, y: 1, z: 1}
  m_LocalEulerAnglesHint: {x: 0, y: 0, z: 0}
  m_Children: []
  m_Father: {fileID: 22443772}
  m_RootOrder: 4
  m_AnchorMin: {x: 0.61846817, y: 0}
  m_AnchorMax: {x: 1, y: 0.3837166}
  m_AnchoredPosition: {x: 0, y: 0}
  m_SizeDelta: {x: 0, y: 0}
  m_Pivot: {x: 1, y: 0}
--- !u!224 &22447776
RectTransform:
  m_ObjectHideFlags: 1
  m_PrefabParentObject: {fileID: 0}
  m_PrefabInternal: {fileID: 100100000}
  m_GameObject: {fileID: 128206}
  m_LocalRotation: {x: 0, y: 0, z: 0, w: 1}
  m_LocalPosition: {x: 0, y: 0, z: 0}
  m_LocalScale: {x: 1, y: 1, z: 1}
  m_LocalEulerAnglesHint: {x: 0, y: 0, z: 0}
  m_Children: []
  m_Father: {fileID: 22443772}
  m_RootOrder: 7
  m_AnchorMin: {x: 0, y: 0}
  m_AnchorMax: {x: 0.5, y: 1}
  m_AnchoredPosition: {x: 0, y: 0.000015258789}
  m_SizeDelta: {x: 0, y: 0}
  m_Pivot: {x: 0.00000008009374, y: -0.00000007264316}
--- !u!224 &22485034
RectTransform:
  m_ObjectHideFlags: 1
  m_PrefabParentObject: {fileID: 0}
  m_PrefabInternal: {fileID: 100100000}
  m_GameObject: {fileID: 120216}
  m_LocalRotation: {x: 0, y: 0, z: 0, w: 1}
  m_LocalPosition: {x: 0, y: 0, z: 0}
  m_LocalScale: {x: 1, y: 1, z: 1}
  m_LocalEulerAnglesHint: {x: 0, y: 0, z: 0}
  m_Children:
  - {fileID: 22433904}
  m_Father: {fileID: 22443772}
  m_RootOrder: 2
  m_AnchorMin: {x: 0.5, y: 0}
  m_AnchorMax: {x: 1, y: 1}
  m_AnchoredPosition: {x: 0, y: 0.000000059604645}
  m_SizeDelta: {x: 0, y: -0.00000017881393}
  m_Pivot: {x: 0.00000008009374, y: -0.00000007264316}
--- !u!224 &22488492
RectTransform:
  m_ObjectHideFlags: 1
  m_PrefabParentObject: {fileID: 0}
  m_PrefabInternal: {fileID: 100100000}
  m_GameObject: {fileID: 108406}
  m_LocalRotation: {x: 0, y: 0, z: 0, w: 1}
  m_LocalPosition: {x: 0, y: 0, z: 0}
  m_LocalScale: {x: 1, y: 1, z: 1}
  m_LocalEulerAnglesHint: {x: 0, y: 0, z: 0}
  m_Children: []
  m_Father: {fileID: 22406382}
  m_RootOrder: 0
  m_AnchorMin: {x: 0.5, y: 0.5}
  m_AnchorMax: {x: 0.5, y: 0.5}
  m_AnchoredPosition: {x: 70.597, y: -101.54}
  m_SizeDelta: {x: 133, y: 279.79}
  m_Pivot: {x: 1, y: 0.1}
--- !u!1001 &100100000
Prefab:
  m_ObjectHideFlags: 1
  serializedVersion: 2
  m_Modification:
    m_TransformParent: {fileID: 0}
    m_Modifications:
    - target: {fileID: 0}
      propertyPath: background
      value: 
      objectReference: {fileID: 21300000, guid: b38f1555bc2bc5246a7c1a87e231e51c,
        type: 3}
    - target: {fileID: 0}
      propertyPath: currentPage
      value: 0
      objectReference: {fileID: 0}
    m_RemovedComponents: []
  m_ParentPrefab: {fileID: 0}
  m_RootGameObject: {fileID: 180032}
  m_IsPrefabParent: 1
